<record><leader>00000cas a22000007a 4500</leader><controlfield tag="001">33938899</controlfield><controlfield tag="008">951218d19741983akuwr ne      0    0eng d</controlfield><datafield ind1=" " ind2=" " tag="010"><subfield code="a">sn 95060078 </subfield></datafield><datafield ind1=" " ind2=" " tag="040"><subfield code="a">ANE</subfield><subfield code="b">eng</subfield><subfield code="c">ANE</subfield><subfield code="d">OCLCQ</subfield><subfield code="d">OCLCF</subfield><subfield code="d">OCLCO</subfield></datafield><datafield ind1="1" ind2=" " tag="029"><subfield code="a">AU@</subfield><subfield code="b">000025854832</subfield></datafield><datafield ind1=" " ind2=" " tag="042"><subfield code="a">msc</subfield></datafield><datafield ind1=" " ind2=" " tag="043"><subfield code="a">n-us-ak</subfield></datafield><datafield ind1="0" ind2=" " tag="130"><subfield code="a">Tundra drums (Bethel, Alaska : 1974)</subfield></datafield><datafield ind1="1" ind2="0" tag="245"><subfield code="a">Tundra drums.</subfield></datafield><datafield ind1=" " ind2=" " tag="260"><subfield code="a">Bethel, Alaska :</subfield><subfield code="b">Bethel Broadcasting,</subfield><subfield code="c">1974-1983.</subfield></datafield><datafield ind1=" " ind2=" " tag="300"><subfield code="a">11 v.</subfield></datafield><datafield ind1=" " ind2=" " tag="310"><subfield code="a">Weekly,</subfield><subfield code="b">Oct. 5, 1978-Aug. 11, 1983</subfield></datafield><datafield ind1=" " ind2=" " tag="321"><subfield code="a">Bimonthly,</subfield><subfield code="b">Apr. 1, 1974-Sept. 16, 1978</subfield></datafield><datafield ind1="0" ind2=" " tag="362"><subfield code="a">Vol. 1, no. 1 (Apr. 1, 1974)-v. 11, no. 20 (Aug. 11, 1983).</subfield></datafield><datafield ind1=" " ind2=" " tag="515"><subfield code="a">Issue numbering irregular.</subfield></datafield><datafield ind1=" " ind2="0" tag="651"><subfield code="a">Bethel (Alaska)</subfield><subfield code="v">Newspapers.</subfield></datafield><datafield ind1=" " ind2="7" tag="655"><subfield code="a">Newspapers.</subfield><subfield code="2">fast</subfield><subfield code="0">(OCoLC)fst01423814</subfield></datafield><datafield ind1=" " ind2="7" tag="651"><subfield code="a">Alaska</subfield><subfield code="z">Bethel.</subfield><subfield code="2">fast</subfield><subfield code="0">(OCoLC)fst01217116</subfield></datafield><datafield ind1=" " ind2=" " tag="752"><subfield code="a">United States</subfield><subfield code="b">Alaska</subfield><subfield code="d">Bethel.</subfield></datafield><datafield ind1="0" ind2="0" tag="785"><subfield code="t">Drums (Bethel, Alaska)</subfield><subfield code="w">(DLC)sn 95060079</subfield><subfield code="w">(OCoLC)11452171</subfield></datafield></record>